
@article{malecot1948mathematics,
  title={Mathematics of heredity.},
  author={Mal{\'e}cot, Gustave},
  journal={Les mathematiques de l'heredite.},
  year={1948},
  publisher={Paris: Masson etCie.}
}

@phdthesis{cotterman1940calculus,
  title={A calculus for statistico-genetics},
  author={Cotterman, Charles William},
  year={1940},
  school={The Ohio State University}
}

@article{hudson1983properties,
  title={Properties of a neutral allele model with intragenic recombination},
  author={Hudson, Richard R},
  journal={Theoretical population biology},
  volume={23},
  number={2},
  pages={183--201},
  year={1983},
  publisher={Elsevier}
}

@article{10002015global,
  title={A global reference for human genetic variation},
  author={{1000 Genomes Project Consortium} and others},
  journal={Nature},
  volume={526},
  number={7571},
  pages={68--74},
  year={2015},
  publisher={Nature Publishing Group}
}

@book{hein2004gene,
  title={Gene genealogies, variation and evolution: a primer in coalescent theory},
  author={Hein, Jotun and Schierup, Mikkel and Wiuf, Carsten},
  year={2004},
  publisher={Oxford University Press, Oxford}
}

@article {Gagneux:1997,
	Title = {Furtive mating in female chimpanzees},
	Author = {Gagneux, P and Woodruff, DS and Boesch, C},
	DOI = {10.1038/387358a0},
	Number = {6631},
	Volume = {387},
	Month = {May},
	Year = {1997},
	Journal = {Nature},
	ISSN = {0028-0836},
	Pages = {358—359},
	URL = {http://dx.doi.org/10.1038/387358a0},
}

@article{Angier:2001,
    author = {Angier, Natali},
    citeulike-article-id = {359907},
    citeulike-linkout-0 = {http://cogweb.ucla.edu/ep/ChimpMate.html},
    journal = {New York Times},
    keywords = {behaviour, bibtex-import, chimpanzees, gender, genetics, great\_apes, reproduction, sex, sexual\_selection},
    month = {may},
    posted-at = {2005-10-21 13:45:13},
    priority = {2},
    title = {A Fresh Look at the Straying Ways of the Female Chimp},
    url = {http://cogweb.ucla.edu/ep/ChimpMate.html},
    year = {2001}
}

@book{ott1999analysis,
  title={Analysis of human genetic linkage},
  author={Ott, J{\"u}rg},
  year={1999},
  publisher={JHU Press}
}

@book{lodish1995molecular,
  title={Molecular cell biology},
  author={Lodish, Harvey and Baltimore, David and Berk, Arnold and Zipursky, S Lawrence and Matsudaira, Paul and Darnell, James},
  volume={3},
  year={1995},
  publisher={Scientific American Books New York}
}

@inproceedings{moskvina2005minor,
  title={Minor genotyping error can result in substantial elevation in type I error rate in haplotype based case control analysis},
  author={Moskvina, V and Craddock, N and Holmans, P and Owen, M and O'Donovan, M},
  booktitle={American Journal of Medical Genetics Part B-Neuropsychiatric Genetics},
  volume={138},
  number={1},
  pages={19--19},
  year={2005}
}

@article{loh2016fast,
  title={Fast and accurate long-range phasing in a UK Biobank cohort},
  author={Loh, Po-Ru and Palamara, Pier Francesco and Price, Alkes L},
  journal={Nature genetics},
  year={2016},
  publisher={Nature Publishing Group}
}

@book{hein2004gene,
  title={Gene genealogies, variation and evolution: a primer in coalescent theory},
  author={Hein, Jotun and Schierup, Mikkel and Wiuf, Carsten},
  year={2004},
  publisher={Oxford University Press, USA}
}

@article{Mendel1866,
author = {Mendel, G},
title = {{Versuche {\"u}ber Pflanzenhybriden}},
journal = {Verhandlungen des naturforschenden Vereines in Br{\"u}nn},
year = {1866},
volume = {4},
pages={3--47}
}


@book{Winkler1920,
  title={{Verbreitung und Ursache der Parthenogenesis im Pflanzen- und Tierreich}},
  author={Winkler, Hans},
  year={1920},
  publisher={Verlag G. Fischer, Jena}
}

@book{Darwin1859,
	title={On the Origin of Species by Means of Natural Selection, or the Preservation of Favoured Races in the Struggle for Life},
	author={Darwin, Charles},
	year={1859},
	publisher={J. Murray, London}
}

@book{slack2014genes,
  title={Genes: A Very Short Introduction},
  author={Slack, Jonathan},
  year={2014},
  publisher={Oxford University Press, Oxford}
}

@book{Fisher1930,
  title={The genetical theory of natural selection},
  author={Fisher, Ronald Aylmer},
  year={1930},
  publisher={Oxford University Press, Oxford}
}

@article{Wright1931,
  title={{Evolution in Mendelian Populations}},
  author={Wright, S},
  journal={Genetics},
  volume={16},
  number={2},
  pages={97--159},
  year={1931},
  publisher={The Genetics Society of America}
}

@article{nordborg2001coalescent,
  title={Coalescent theory},
  author={Nordborg, Magnus},
  journal={Handbook of statistical genetics},
  year={2001},
  publisher={Wiley Online Library}
}

@article{Kingman:1982x,
  title={Exchangeability and the evolution of large populations},
	journal={Exchangeability in Probability and Statistics},
  author={Kingman, J F C},
	pages={97–-112},
  year={1982},
	month={Dec},
  publisher={North-Holland, Amsterdam}
}

@article{Kolmogoroff1931,
  title={{\"U}ber die analytischen Methoden in der Wahrscheinlichkeitsrechnung},
  author={Kolmogoroff, Andrei},
  journal={Mathematische Annalen},
  volume={104},
  number={1},
  pages={415--458},
  year={1931},
  publisher={Springer}
}

@article{neuhauser2001,
  title={Mathematical models in population genetics},
  author={Neuhauser, C},
  journal={Handbook of statistical genetics},
  year={2001},
  publisher={Wiley Online Library}
}

@article{griffiths1997,
  title={Progress in population genetics and human evolution},
  author={Griffiths, R C and Marjoram, P},
  year={1997},
  publisher={Springer-Verlag, Berlin}
}

@article{griffiths1997ancestral,
  title={An ancestral recombination graph},
  author={Griffiths, Robert C and Marjoram, Paul},
  journal={Institute for Mathematics and its Applications},
  volume={87},
  pages={257},
  year={1997}
}

@book{wakeley2008,
  title={Coalescent Theory: An Introduction},
  author={Wakeley, John},
  year={2008},
  publisher={W. H. Freeman}
}

@book{ewens2012,
  title={{Mathematical Population Genetics 1: Theoretical Introduction}},
  author={Ewens, Warren J},
  volume={27},
  year={2012},
  publisher={Springer Science \& Business Media}
}

@article{tajima1993,
  title={Measurement of DNA polymorphism},
  author={Tajima, F},
  journal={Mechanisms of molecular evolution},
  pages={37--59},
  year={1993},
  publisher={Sinauer Associates, Inc}
}

@incollection{tavare2004,
  title={{Part I: Ancestral inference in population genetics}},
  author={Tavar{\'e}, Simon},
  booktitle={Lectures on probability theory and statistics},
  pages={1--188},
  year={2004},
  publisher={Springer}
}

@article{morgan1911,
  title={{Random segregation versus coupling in Mendelian inheritance}},
  author={Morgan, Thomas Hunt},
  journal={Science},
  volume={34},
  number={873},
  pages={384--384},
  year={1911},
  publisher={American Association for the Advancement of Science}
}

@article{sturtevant1913,
  title={The linear arrangement of six sex-linked factors in Drosophila, as shown by their mode of association},
  author={Sturtevant, Alfred H},
  journal={Journal of Experimental Zoology Part A: Ecological Genetics and Physiology},
  volume={14},
  number={1},
  pages={43--59},
  year={1913},
  publisher={Wiley Online Library}
}

@article{fisher1954,
  title={A fuller theory of “junctions” in inbreeding},
  author={Fisher, Ronald A},
  journal={Heredity},
  volume={8},
  number={2},
  pages={187--197},
  year={1954}
}

@article{correns1899,
  title={{Untersuchungen {\"u}ber die Xenien bei \textsl{Zea mays}}},
  author={Correns, Karl Franz Joseph},
  year={1899},
	journal={Berichte der Deutschen Botanischen Gesellschaft},
  volume={17},
  pages={410--418}
}

@article{vries1900,
  title={Sur la loi de disjonction des hybrides},
  author={De Vries, Hugo Marie},
  journal={Comptes rendus de l'Acad{\'e}mie des Sciences},
  volume={130},
	pages={845--847},
  year={1900}
}

@article{tschermak1900,
  title={{{\"U}ber k{\"u}nstliche Kreuzung bei \textsl{Pisum sativum}}},
  author={Tschermak, Erich},
  year={1900},
	journal={Berichte der Deutschen Botanischen Gesellschaft},
	volume={18},
	pages={232--239}
}

@article{morris2007,
  title={Whole genome association},
  author={Morris, AP and Cardon, LR},
  journal={Handbook of Statistical Genetics, Third Edition},
  pages={1238--1263},
  year={2007},
  publisher={Wiley Online Library}
}

@book{borg2005,
  title={Modern multidimensional scaling: Theory and applications},
  author={Borg, Ingwer and Groenen, Patrick JF},
  year={2005},
  publisher={Springer Science \& Business Media}
}

@incollection{Wakeley2016book,
title = "Coalescent and Models of Identity by Descent ",
editor = "Kliman, Richard M. ",
booktitle = "Encyclopedia of Evolutionary Biology ",
publisher = "Academic Press",
edition = "",
address = "Oxford",
year = "2016",
pages = "287 - 292",
isbn = "978-0-12-800426-5",
doi = "http://dx.doi.org/10.1016/B978-0-12-800049-6.00033-0",
url = "http://www.sciencedirect.com/science/article/pii/B9780128000496000330",
author = "J. Wakeley and P.R. Wilton"
}

@article{haldane1919,
  title={The combination of linkage values and the calculation of distances between the loci of linked factors},
  author={Haldane, JBS},
  journal={J Genet},
  volume={8},
  number={29},
  pages={299--309},
  year={1919}
}

@book{maynardsmith1989,
  title={Evolutionary genetics.},
  author={Maynard Smith, John},
  year={1989},
  publisher={Oxford University Press}
}

@article{crow1954,
  title={Breeding structure of populations. II. Effective population number},
  author={Crow, James F},
  journal={Statistics and mathematics in biology},
  volume={543},
  pages={556},
  year={1954},
  publisher={Iowa State College Press Ames}
}

@article{moore1965,
  title={Cramming more components onto integrated circuits},
  author={Moore, Gordon E},
	journal={Electronics},
	volume={38},
	number={8},
  year={1965},
	month={April}
}

@article{burdett2016nhgri,
  title={The NHGRI-EBI Catalog of published genome-wide association studies},
  author={Burdett, T and Hall, PN and Hasting, E and Hindorff, LA and Junkins, HA and Klemm, AK and MacArthur, J and Manolio, TA and Morales, J and Parkinson, H and others},
  journal={Available at: www.ebi.ac.uk/gwas. Accessed 2017-01-20, version 1.0.},
  year={2016}
}

@article{watterson1976,
	title = {{Reversibility and the age of an allele. I. Moran's infinitely many neutral alleles model}},
	journal = "Theoretical Population Biology",
	volume = "10",
	number = "3",
	pages = "239--253",
	year = "1976",
	issn = "0040-5809",
	doi = "http://dx.doi.org/10.1016/0040-5809(76)90018-6",
	url = "http://www.sciencedirect.com/science/article/pii/0040580976900186",
	author = "Watterson, G A",
}

@phdthesis{schroff2016,
  title={Genealogical properties of rare variation and their implications for demographic inference},
  author={Schroff, M H},
  year={2016},
  school={University of Oxford}
}

@article{Sharp:2016ez,
author = {Sharp, K and Kretzschmar, W and Delaneau, O},
title = {{Phasing for medical sequencing using rare variants and large haplotype reference panels}},
journal = {Bioinformatics},
year = {2016}
}

@article{Fu:1995hp,
author = {Fu, Y X},
title = {{Statistical Properties of Segregating Sites}},
journal = {Theoretical population biology},
year = {1995},
volume = {48},
number = {2},
pages = {172--197},
month = oct
}

@article{Gibson:2012kca,
author = {Gibson, Greg},
title = {{Rare and common variants: twenty arguments}},
journal = {Nature Reviews Genetics},
year = {2012},
volume = {13},
number = {2},
pages = {135--145},
month = jan
}

@article{Zuk:2014jv,
author = {Zuk, Or and Schaffner, Stephen F and Samocha, Kaitlin and Do, Ron and Hechter, Eliana and Kathiresan, Sekar and Daly, Mark J and Neale, Benjamin M and Sunyaev, Shamil R and Lander, Eric S},
title = {{Searching for missing heritability: designing rare variant association studies.}},
journal = {Proceedings of the National Academy of Sciences},
year = {2014},
volume = {111},
number = {4},
pages = {E455--64},
month = jan
}

@article{crow1970introduction,
  title={An introduction to population genetics theory.},
  author={Crow, James F and Kimura, Motoo},
  journal={An introduction to population genetics theory.},
  year={1970},
  publisher={New York, Evanston and London: Harper \& Row, Publishers}
}

@article{fisher1930genetical,
  title={The genetical theory of natural selection.},
  author={Fisher, RA},
  year={1930},
  publisher={Clarendon Press}
}

@article{Wang:2005wy,
author = {Wang, Jinliang},
title = {{Estimation of effective population sizes from data on genetic markers}},
journal = {Philosophical Transactions of the Royal Society B: Biological Sciences},
year = {2005},
volume = {360},
number = {1459},
pages = {1395--1409},
month = jul
}

@book{ewens2012mathematical,
  title={Mathematical population genetics 1: theoretical introduction},
  author={Ewens, Warren J},
  volume={27},
  year={2012},
  publisher={Springer Science \& Business Media}
}

@article{labuda1996linkage,
  title={Linkage disequilibrium analysis in young populations: pseudo-vitamin D-deficiency rickets and the founder effect in French Canadians.},
  author={Labuda, Malgorzata and Labuda, Damian and Korab-Laskowska, Maria and Cole, David E and Zietkiewicz, Eva and Weissenbach, Jean and Popowska, Ewa and Pronicka, Ewa and Root, Allen W and Glorieux, Francis H},
  journal={American journal of human genetics},
  volume={59},
  number={3},
  pages={633},
  year={1996},
  publisher={Elsevier}
}
